%
% book.bib
%

%at book - A published book
%   Required: author/editor, title, publisher, year.
%   Optional: volume/number, series, edition.

%at book{label:book,
%    author    = "",
%    title     = "",
%    publisher = "",
%    %volume   = "",
%    %number   = "",
%    %series   = "",
%    %edition  = "",
%    year      = "XXXX",
%}

% Reference
% http://en.wikibooks.org/wiki/LaTeX/Bibliography_Management

% -----------------------------------------------------------------------------
@book{testpage:bib:book:hadoop,
  author = {White, Tom},
  title = {Hadoop: The Definitive Guide},
  year = {2009},
  isbn = {0596521979, 9780596521974},
  edition = {1st},
  publisher = {O'Reilly Media, Inc.},
}
% -----------------------------------------------------------------------------
@book{testpage:bib:book:whatMoneyCantBuy,
  author={\textnormal{Sandel, M.J.}},
  publisher={\textit{錢買不到的東西: 金錢與正義的攻防}. \textnormal{先覺出版股份有限公司. ISBN: 9789861341965}},
  year = {2012},
}
% -----------------------------------------------------------------------------
@book{testpage:bib:book:justice,
  title={正義: 一場思辨之旅},
  author={Sandel, M.J. and 桑德爾邁可},
  isbn={9789868271265},
  year={2011},
  publisher={雅言文化出版股份有限公司}
}
% -----------------------------------------------------------------------------

% -----------------------------------------------------------------------------

% -----------------------------------------------------------------------------

% -----------------------------------------------------------------------------

% -----------------------------------------------------------------------------

