%
% msic.bib
% (miscellaneous, everything)
%
%
%at misc - Template useful for other kinds of publication
%   Required fields: none
%   Optional fields: author, title, howpublished, month, year, note.
%
%at misc{label:misc,
%    %author    = "",
%    %title     = "",
%    %howpublished = "",
%    %year     = "XXXX",
%    %month    = "",
%    %note     = "",
%}
%
%  E.g (Website)
%    at misc{website:google,
%      author = {},
%      title = {{Google - Homepage}},
%      howpublished = "http://www.google.com/",
%      year = {},
%      note = ""
%    }
%
% Reference
% http://en.wikibooks.org/wiki/LaTeX/Bibliography_Management

% -----------------------------------------------------------------------------
@misc{web:this-project:github,
  author = {},
  title = {{NCKU Thesis/Dissertation Template in Latex - Homepage}},
  howpublished = "\url{https://github.com/wengan-li/ncku-thesis-template-latex}",
  year = {},
  note = ""
}
% -----------------------------------------------------------------------------
@misc{web:latex:ntu_introduction,
  author = {},
  title = {{國立台灣大學 - 使用LaTeX做出精美的論文}},
  howpublished = "\url{http://www.cc.ntu.edu.tw/chinese/epaper/0014/20100920_1404.htm}",
  year = {},
  note = ""
}
% -----------------------------------------------------------------------------
@misc{web:ncku:thesis-need-to-know,
  author = {},
  title = {{國立成功大學各系（所）博碩士撰寫論文須知}},
  howpublished = "\url{"http://cid.acad.ncku.edu.tw/ezfiles/56/1056/img/730/degree4-1.pdf}",
  year = {},
  note = ""
}
% -----------------------------------------------------------------------------
@misc{web:latex:template:ntust,
  author = {},
  title = {{台灣科技大學碩博士論文Latex模板}},
  howpublished = "\url{https://code.google.com/p/ntust-thesis/}",
  year = {},
  note = ""
}
% -----------------------------------------------------------------------------
@misc{web:latex:template:ntu,
  author = {},
  title = {{臺灣大學碩博士論文 XeLaTeX 模版}},
  howpublished = "\url{https://github.com/tzhuan/ntu-thesis/wiki}",
  year = {},
  note = ""
}
% -----------------------------------------------------------------------------
@misc{web:latex:ncku_math_introduction,
  author = {},
  title = {{國立成功大學數學系留言版}},
  howpublished = "\url{http://www.math.ncku.edu.tw/gb/latex_howto.html}",
  year = {},
  note = ""
}
% -----------------------------------------------------------------------------
@misc{web:latex:ncku_math_forum,
  author = {},
  title = {{數學討論區}},
  howpublished = "\url{http://math3.math.ncku.edu.tw/phpBB3/viewtopic.php?f=14&t=21}",
  year = {},
  note = ""
}
% -----------------------------------------------------------------------------
@misc{web:latex:cwtex,
  author = {},
  title = {{安裝cwtex 圖文說明(Windows 系統)}},
  howpublished = "\url{http://homepage.ntu.edu.tw/~ntut019/cwtex-install/cwtex-install.html}",
  year = {},
  note = ""
}
% -----------------------------------------------------------------------------
@misc{web:latex:table-generator,
  author = {},
  title = {{LaTeX Table Generator}},
  howpublished = "\url{http://www.tablesgenerator.com/}",
  year = {},
  note = ""
}
% -----------------------------------------------------------------------------
@misc{web:latex:yzu,
  author = {},
  title = {{元智大學論文 LaTeX 格式檔快速上手}},
  howpublished = "\url{http://exciton.eo.yzu.edu.tw/~lab/latex/howto_yzu_thesis.html}",
  year = {},
  note = ""
}
% -----------------------------------------------------------------------------
@misc{web:latex:equation:codecogs,
  author = {},
  title = {{Online LaTeX Equation Editor - create, integrate and download}},
  howpublished = "\url{http://www.codecogs.com/latex/eqneditor.php}",
  year = {},
  note = ""
}
% -----------------------------------------------------------------------------
@misc{web:latex:equation:hostmath,
  author = {},
  title = {{HostMath - Online LaTeX formula editor and browser-based math equation editor}},
  howpublished = "\url{http://www.hostmath.com/}",
  year = {},
  note = ""
}
% -----------------------------------------------------------------------------
@misc{web:latex:wikibooks,
  author = {},
  title = {{LaTeX - Wikibooks, open books for an open world}},
  howpublished = "\url{http://en.wikibooks.org/wiki/LaTeX}",
  year = {},
  note = ""
}
% -----------------------------------------------------------------------------
@misc{web:latex:latex123,
  author = {},
  title = {{大家來學 LaTeX}},
  howpublished = "\url{web.math.isu.edu.tw/yeh/HowTo/HowToTex/latex123.pdf}",
  year = {},
  note = ""
}
% -----------------------------------------------------------------------------
@misc{web:latex:bib_manage,
  author = {},
  title = {{Bibliography分類}},
  howpublished = "\url{http://en.wikibooks.org/wiki/LaTeX/Bibliography_Management}",
  year = {},
  note = ""
}
% -----------------------------------------------------------------------------
@misc{web:school:academics,
  author = {},
  title = {{學校教學單位}},
  howpublished = "\url{http://web.ncku.edu.tw/files/11-1000-182.php}",
  year = {},
  note = ""
}
% -----------------------------------------------------------------------------
@misc{web:miktex:website,
  author = {},
  title = {{MiKTeX Project Page}},
  howpublished = "\url{http://miktex.org/}",
  year = {},
  note = ""
}
% -----------------------------------------------------------------------------
@misc{web:texmaker:website,
  author = {},
  title = {{Texmaker (The universal LaTeX editor)}},
  howpublished = "\url{http://www.xm1math.net/texmaker/}",
  year = {},
  note = ""
}
% -----------------------------------------------------------------------------
@misc{web:lib:2016-submit-ppt,
  author = {},
  title = {{2016論文提交說明簡報檔}},
  howpublished = "\url{http://etds.lib.ncku.edu.tw/files/2012050003.pdf}",
  year = {},
  note = ""
}
% -----------------------------------------------------------------------------
@misc{web:lib:upload-things-check,
  author = {},
  title = {{電子論文上傳前檢查事項}},
  howpublished = "\url{http://etds.lib.ncku.edu.tw/files/2012090001.pdf}",
  year = {},
  note = ""
}
% -----------------------------------------------------------------------------
@misc{web:lib:ETDS-QA,
  author = {},
  title = {{電子學位論文服務 FAQ}},
  howpublished = "\url{http://etds.lib.ncku.edu.tw/files/2012050009.pdf}",
  year = {},
  note = ""
}
% -----------------------------------------------------------------------------
@misc{web:lib:submit-flow,
  author = {},
  title = {{電子學位論文服務流程說明圖}},
  howpublished = "\url{http://etds.lib.ncku.edu.tw/files/2012050006.pdf}",
  year = {},
  note = ""
}
% -----------------------------------------------------------------------------
@misc{web:lib:submit-file,
  author = {},
  title = {{繳交論文全文電子檔案說明}},
  howpublished = "\url{http://etds.lib.ncku.edu.tw/files/2012050004.pdf}",
  year = {},
  note = ""
}
% -----------------------------------------------------------------------------
@misc{web:latex:diagbox-doc,
  author = {},
  title = {{Pack­age doc­u­men­ta­tion of diagbox}},
  howpublished = "\url{http://mirrors.ctan.org/macros/latex/contrib/diagbox/diagbox.pdf}",
  year = {},
  note = ""
}
% -----------------------------------------------------------------------------
@misc{web:symbols:site1,
  author = {},
  title = {{LaTeX:Symbols}},
  howpublished = "\url{https://www.artofproblemsolving.com/wiki/index.php/LaTeX:Symbols}",
  year = {},
  note = ""
}
% -----------------------------------------------------------------------------
@misc{web:symbols:site2,
  author = {},
  title = {{List of Greek letters and math symbols}},
  howpublished = "\url{https://www.sharelatex.com/learn/List_of_Greek_letters_and_math_symbols}",
  year = {},
  note = ""
}
% -----------------------------------------------------------------------------
@misc{web:symbols:site3,
  author = {},
  title = {{List of LaTeX mathematical symbols}},
  howpublished = "\url{https://oeis.org/wiki/List_of_LaTeX_mathematical_symbols}",
  year = {},
  note = ""
}
% -----------------------------------------------------------------------------
@misc{web:bibstyle:latex-basic,
  author = {},
  title = {{Bibtex bibliography styles}},
  howpublished = "\url{https://www.sharelatex.com/learn/Bibtex_bibliography_styles}",
  year = {},
  note = ""
}
% -----------------------------------------------------------------------------
@misc{web:bibstyle:apacite,
  author = {},
  title = {{Package Example: apacite}},
  howpublished = "\url{https://www.overleaf.com/latex/examples/package-example-apacite/jkssmfcpzwmy}",
  year = {},
  note = ""
}
% -----------------------------------------------------------------------------
