%
% paper.bib
%
%
%at inproceedings - An article in a conference proceedings.
%   Required: author, title, booktitle, year.
%   Optional fields: editor, volume/number, series, pages, address, month, organization, publisher, note.
%at inproceedings{Xinproceedings,
%	author		= "",
%	title		= "",
%	booktitle	= "",
%	%editor		= "",
%	%volume		= "",
%	%number		= "",
%	%series		= "",
%	%pages		= "",
%	%address	= "",
%	%organization	= "",
%	%publisher	= "",
%	year		= "",
%	%month		= "",
%	%note		= "",
%}
%
% Reference
% http://en.wikibooks.org/wiki/LaTeX/Bibliography_Management

% -----------------------------------------------------------------------------
@article{testpage:bib:paper:mapreduce,
 author = {Dean, Jeffrey and Ghemawat, Sanjay},
 title = {MapReduce: Simplified Data Processing on Large Clusters},
 journal = {Commun. ACM},
 issue_date = {January 2008},
 volume = {51},
 number = {1},
 month = jan,
 year = {2008},
 issn = {0001-0782},
 pages = {107--113},
 numpages = {7},
 url = {http://doi.acm.org/10.1145/1327452.1327492},
 doi = {10.1145/1327452.1327492},
 acmid = {1327492},
 publisher = {ACM},
 address = {New York, NY, USA},
} 
% -----------------------------------------------------------------------------
@inproceedings{testpage:bib:paper:gfs,
 author = {Ghemawat, Sanjay and Gobioff, Howard and Leung, Shun-Tak},
 title = {The Google File System},
 booktitle = {Proceedings of the Nineteenth ACM Symposium on Operating Systems Principles},
 series = {SOSP '03},
 year = {2003},
 isbn = {1-58113-757-5},
 location = {Bolton Landing, NY, USA},
 pages = {29--43},
 numpages = {15},
 url = {http://doi.acm.org/10.1145/945445.945450},
 doi = {10.1145/945445.945450},
 acmid = {945450},
 publisher = {ACM},
 address = {New York, NY, USA},
 keywords = {clustered storage, data storage, fault tolerance, scalability},
} 
% -----------------------------------------------------------------------------
@article{testpage:bib:paper:gfs2,
 author = {Ghemawat, Sanjay and Gobioff, Howard and Leung, Shun-Tak},
 title = {The Google File System},
 journal = {SIGOPS Oper. Syst. Rev.},
 issue_date = {December 2003},
 volume = {37},
 number = {5},
 month = oct,
 year = {2003},
 issn = {0163-5980},
 pages = {29--43},
 numpages = {15},
 url = {http://doi.acm.org/10.1145/1165389.945450},
 doi = {10.1145/1165389.945450},
 acmid = {945450},
 publisher = {ACM},
 address = {New York, NY, USA},
 keywords = {clustered storage, data storage, fault tolerance, scalability},
} 
% -----------------------------------------------------------------------------

% -----------------------------------------------------------------------------

% -----------------------------------------------------------------------------

% -----------------------------------------------------------------------------

% -----------------------------------------------------------------------------

% -----------------------------------------------------------------------------

% -----------------------------------------------------------------------------


